@article{1,
  title={Quantum cellular automata},
  author={Lent, Craig S and Tougaw, P Douglas and Porod, Wolfgang and Bernstein, Gary H},
  journal={Nanotechnology},
  volume={4},
  number={1},
  pages={49},
  year={1993},
  publisher={IOP Publishing}
}

@article{2,
  title={A novel 3-input XOR function implementation in quantum dot-cellular automata with energy dissipation analysis},
  author={Bahar, Ali Newaz and Waheed, Sajjad and Hossain, Nazir and Asaduzzaman, Md},
  journal={Alexandria Engineering Journal},
  volume={57},
  number={2},
  pages={729--738},
  year={2018},
  publisher={Elsevier}
}

@inproceedings{3,
  title={Squarers in QCA nanotechnology},
  author={Giannou, O and Vergos, HT and Bakalis, D},
  booktitle={2012 12th IEEE International Conference on Nanotechnology (IEEE-NANO)},
  pages={1--6},
  year={2012},
  organization={IEEE}
}

@inproceedings{4,
  title={Designing nanoelectronic-compatible 8-bit square root circuit by quantum-dot cellular automata},
  author={Jahangir, Mohammad Reza and Sheikhfaal, Shadi and Angizi, Shaahin and Navi, Keivan and Ahmad, Firdous},
  booktitle={2015 IEEE International Symposium on Nanoelectronic and Information Systems},
  pages={23--28},
  year={2015},
  organization={IEEE}
}

@article{5,
  title={Design of non-restoring binary array divider in quantum-dot cellular automata},
  author={Cui, Huanqing and Cai, Li and Yang, Xiaokuo and Feng, Chaowen and Qin, Tao},
  journal={Micro \& Nano Letters},
  volume={9},
  number={7},
  pages={464--467},
  year={2014},
  publisher={IET}
}

@book{6,
  title={Design of semiconductor QCA systems},
  author={Liu, Weiqiang and Swartzlander Jr, Earl E and Oâ€™Neill, M{\'a}ire},
  year={2013},
  publisher={Artech House}
}

@article{7,
  title={Design of generalized pipeline cellular array in quantum-dot cellular automata},
  author={Almatrood, Amjad F and Singh, Harpreet},
  journal={IEEE Computer Architecture Letters},
  volume={17},
  number={1},
  pages={29--32},
  year={2017},
  publisher={IEEE}
}

@article{8,
  title={Majority-inverter graph: A new paradigm for logic optimization},
  author={Amaru, Luca and Gaillardon, Pierre-Emmanuel and De Micheli, Giovanni},
  journal={IEEE Transactions on Computer-Aided Design of Integrated Circuits and Systems},
  volume={35},
  number={5},
  pages={806--819},
  year={2015},
  publisher={IEEE}
}

@inproceedings{9,
  title={Structural rewriting in XOR-majority graphs},
  author={Chu, Zhufei and Soeken, Mathias and Xia, Yinshui and Wang, Lunyao and De Micheli, Giovanni},
  booktitle={Proceedings of the 24th Asia and South Pacific Design Automation Conference},
  pages={663--668},
  year={2019},
  organization={ACM}
}

@inproceedings{10,
  title={On simulation and design implementation of generalized pipeline cellular array},
  author={Singh, Harpreet and Agrawal, Dharma P and Kamthan, Shashank and Alazzawi, Lubna},
  booktitle={2014 International Conference on Information Science, Electronics and Electrical Engineering},
  volume={3},
  pages={1761--1765},
  year={2014},
  organization={IEEE}
}