@article{1993,
  title={Quantum cellular automata},
  author={Lent, Craig S and Tougaw, P Douglas and Porod, Wolfgang and Bernstein, Gary H},
  journal={Nanotechnology},
  volume={4},
  number={1},
  pages={49},
  year={1993},
  publisher={IOP Publishing}
}

@inproceedings{2017NNI,
	title={Implementation of Ex-OR gate using QCA with NNI logic},
	author={Bharti, Anshul and Sharma, Abhay},
	booktitle={2017 International Conference on Wireless Communications, Signal Processing and Networking (WiSPNET)},
	pages={2027--2031},
	year={2017},
	organization={IEEE}
}

@article{1961,
	title={Irreversibility and heat generation in the computing process},
	author={Landauer, Rolf},
	journal={IBM journal of research and development},
	volume={5},
	number={3},
	pages={183--191},
	year={1961},
	publisher={Ibm}
}

@article{2019base,
	title={Novel design of reversible priority encoder in quantum dot cellular automata based on Toffoli gate and Feynman gate},
	author={Das, Jadav Chandra and De, Debashis},
	journal={The Journal of Supercomputing},
	volume={75},
	number={10},
	pages={6882--6903},
	year={2019},
	publisher={Springer}
}

@article{NNI-eq,
	title={Characterization, test and logic synthesis of novel conservative and reversible logic gates for QCA},
	author={Das, Kunal and De, Debashis},
	journal={International Journal of Nanoscience},
	volume={9},
	number={03},
	pages={201--214},
	year={2010},
	publisher={World Scientific}
}

@ARTICLE{QCAdesigner,
author={K. {Walus} and T. J. {Dysart} and G. A. {Jullien} and R. A. {Budiman}},
journal={{IEEE} Trans. Nanotechnol.},
title={QCADesigner: a rapid design and Simulation tool for quantum-dot cellular automata},
year={2004},
volume={3},
number={1},
pages={26-31}}