

@ARTICLE{Promise-and-Challenge,  
author={A. {Alaghi} and W. {Qian} and J. P. {Hayes}},  
journal={IEEE Transactions on Computer-Aided Design of Integrated Circuits and Systems},   
year={2018},  
volume={37},  
number={8},  
pages={1515-1531},  
%title={The Promise and Challenge of Stochastic Computing},   
%doi={10.1109/TCAD.2017.2778107}
}

@ARTICLE{Cube-Assignment,  
author={X. {Peng} and W. {Qian}},  
journal={IEEE Transactions on Computer-Aided Design of Integrated Circuits and Systems},   
  
year={2018},  
volume={37},  
number={12},  
pages={3109-3122},  
%title={Stochastic Circuit Synthesis by Cube Assignment}, 
%doi={10.1109/TCAD.2018.2789725}
}

@INPROCEEDINGS{Majority-of-Five,  
author={Z. {Chu} and W. {Haaswijk} and M. {Soeken} and Y. {Xia} and L. {Wang} and G. {De Micheli}},  
booktitle={2019 IEEE International Symposium on Circuits and Systems (ISCAS)},     
year={2019},  
volume={},  
number={},  
pages={1-5},  
%title={Exact Synthesis of Boolean Functions in Majority-of-Five Forms}, 
%doi={10.1109/ISCAS.2019.8702141}
}

@book{knuth,
  author={Knuth, Donald E},
  year={2015},
  publisher={Addison-Wesley Professional}
 %title={The Art of Computer Programming, Volume 4, Fascicle 6: Satisfiability},
}

@inproceedings{complex-constraints,
  author={Testa, Eleonora and Soeken, Mathias and Zografos, Odysseas and Catthoor, Francky and De Micheli, Giovanni},
  booktitle={Proceedings of the 26th International Workshop on Logic \& Synthesis (IWLS)},
  year={2017}
%number={CONF},
%title={Exact synthesis for logic synthesis applications with complex constraints},
}

@ARTICLE{Majority-of-Three,
  author={M. {Soeken} and L. G. {Amar√π} and P. {Gaillardon} and G. {De Micheli}},
  journal={IEEE Transactions on Computer-Aided Design of Integrated Circuits and Systems}, 
  year={2017},
  volume={36},
  number={11},
  pages={1842-1855},
 % title={Exact Synthesis of Majority-Inverter Graphs and Its Applications}, 
 % doi={10.1109/TCAD.2017.2664059}}

@ARTICLE{SAT-Based-Exact,  
author={W. {Haaswijk} and M. {Soeken} and A. {Mishchenko} and G. {De Micheli}},  
journal={IEEE Transactions on Computer-Aided Design of Integrated Circuits and Systems},    
year={2019},  
volume={39},  
number={4},  
pages={871-884},  
%title={SAT-Based Exact Synthesis: Encodings, Topology Families, and Parallelism}, 
%doi={10.1109/TCAD.2019.2897703}
}



